<?xml version="1.0" encoding="UTF-8"?><collection xmlns="http://www.loc.gov/MARC21/slim"><record><leader>00333nam--2200121-i-4500</leader><controlfield tag="001">000027212</controlfield><controlfield tag="002">20161230</controlfield><controlfield tag="005">20161230201036</controlfield><controlfield tag="008">060222s1000------------r-----000-0-eng-d</controlfield><datafield ind1=" " ind2=" " tag="100"><subfield code="a">Kroehler, J</subfield></datafield><datafield ind1=" " ind2=" " tag="245"><subfield code="a">Dispersion fuels for advanced organic moderated reactor</subfield></datafield><datafield ind1=" " ind2=" " tag="260"><subfield code="a">Canoga Park, Atomics International, 1960. 38p</subfield></datafield><datafield ind1=" " ind2=" " tag="852"><subfield code="a">16126</subfield></datafield></record></collection>